<record><leader>00000cas a2200000 a 4500</leader><controlfield tag="001">35810573</controlfield><controlfield tag="008">961029d18731883miuwr ne      0    0eng c</controlfield><datafield ind1=" " ind2=" " tag="010"><subfield code="a">sn 96077215 </subfield></datafield><datafield ind1=" " ind2=" " tag="040"><subfield code="a">MHN</subfield><subfield code="b">eng</subfield><subfield code="c">MHN</subfield><subfield code="d">OCL</subfield><subfield code="d">OCLCQ</subfield><subfield code="d">OCLCF</subfield><subfield code="d">OCLCO</subfield></datafield><datafield ind1="1" ind2=" " tag="029"><subfield code="a">AU@</subfield><subfield code="b">000012911125</subfield></datafield><datafield ind1=" " ind2=" " tag="042"><subfield code="a">pcc</subfield></datafield><datafield ind1=" " ind2=" " tag="043"><subfield code="a">n-us-mi</subfield></datafield><datafield ind1="0" ind2=" " tag="130"><subfield code="a">Manistee times (Manistee, Mich. : 1873)</subfield></datafield><datafield ind1="1" ind2="0" tag="245"><subfield code="a">Manistee times.</subfield></datafield><datafield ind1=" " ind2=" " tag="260"><subfield code="a">Manistee, Mich. :</subfield><subfield code="b">Richard Hoffman</subfield></datafield><datafield ind1=" " ind2=" " tag="300"><subfield code="a">v.</subfield></datafield><datafield ind1=" " ind2=" " tag="310"><subfield code="a">Weekly</subfield></datafield><datafield ind1="0" ind2=" " tag="362"><subfield code="a">Vol. 9, no. 11 (May 15, 1873)- = whole no. 427-</subfield></datafield><datafield ind1="1" ind2=" " tag="362"><subfield code="a">Ceased in Jan. or Feb. 1883.</subfield></datafield><datafield ind1=" " ind2=" " tag="500"><subfield code="a">Publishers: Richard Hoffman, May 15, 1873-Apr. 23, 1874; App. M. Smith, Apr. 30, 1874-&lt;1883&gt;</subfield></datafield><datafield ind1=" " ind2=" " tag="500"><subfield code="a">First several issues contain editorials by publisher Richard Hoffman, detailing the repossession of the Manistee times (Manistee, Mich. : 1867)--and the subsequent publication of this unrelated newspaper by Hoffman using the same title and numbering designation. The two newspapers, with the same title and numbering, appear to have been published simultaneously during 1873 and 1874.</subfield></datafield><datafield ind1=" " ind2="0" tag="651"><subfield code="a">Manistee (Mich.)</subfield><subfield code="v">Newspapers.</subfield></datafield><datafield ind1=" " ind2="0" tag="651"><subfield code="a">Manistee County (Mich.)</subfield><subfield code="v">Newspapers.</subfield></datafield><datafield ind1=" " ind2="7" tag="655"><subfield code="a">Newspapers.</subfield><subfield code="2">fast</subfield><subfield code="0">(OCoLC)fst01423814</subfield></datafield><datafield ind1=" " ind2="7" tag="651"><subfield code="a">Michigan</subfield><subfield code="z">Manistee.</subfield><subfield code="2">fast</subfield><subfield code="0">(OCoLC)fst01227986</subfield></datafield><datafield ind1=" " ind2="7" tag="651"><subfield code="a">Michigan</subfield><subfield code="z">Manistee County.</subfield><subfield code="2">fast</subfield><subfield code="0">(OCoLC)fst01214770</subfield></datafield><datafield ind1=" " ind2=" " tag="752"><subfield code="a">United States</subfield><subfield code="b">Michigan</subfield><subfield code="c">Manistee</subfield><subfield code="d">Manistee.</subfield></datafield><datafield ind1="0" ind2="0" tag="785"><subfield code="t">Manistee weekly times</subfield><subfield code="w">(DLC)sn 96077216</subfield><subfield code="w">(OCoLC)35810523</subfield></datafield></record>